@String(PAMI = {IEEE Trans. Pattern Anal. Mach. Intell.})
@String(IJCV = {Int. J. Comput. Vis.})
@String(CVPR= {IEEE Conf. Comput. Vis. Pattern Recog.})
@String(ICCV= {Int. Conf. Comput. Vis.})
@String(ECCV= {Eur. Conf. Comput. Vis.})
@String(NIPS= {Adv. Neural Inform. Process. Syst.})
@String(ICPR = {Int. Conf. Pattern Recog.})
@String(BMVC= {Brit. Mach. Vis. Conf.})
@String(TOG= {ACM Trans. Graph.})
@String(TIP  = {IEEE Trans. Image Process.})
@String(TVCG  = {IEEE Trans. Vis. Comput. Graph.})
@String(TMM  = {IEEE Trans. Multimedia})
@String(ACMMM= {ACM Int. Conf. Multimedia})
@String(ICME = {Int. Conf. Multimedia and Expo})
@String(ICASSP=	{ICASSP})
@String(ICIP = {IEEE Int. Conf. Image Process.})
@String(ACCV  = {ACCV})
@String(ICLR = {Int. Conf. Learn. Represent.})
@String(IJCAI = {IJCAI})
@String(PR   = {Pattern Recognition})
@String(AAAI = {AAAI})
@String(CVPRW= {IEEE Conf. Comput. Vis. Pattern Recog. Worksh.})
@String(CSVT = {IEEE Trans. Circuit Syst. Video Technol.})

@String(SPL	= {IEEE Sign. Process. Letters})
@String(VR   = {Vis. Res.})
@String(JOV	 = {J. Vis.})
@String(TVC  = {The Vis. Comput.})
@String(JCST  = {J. Comput. Sci. Tech.})
@String(CGF  = {Comput. Graph. Forum})
@String(CVM = {Computational Visual Media})


@String(PAMI  = {IEEE TPAMI})
@String(IJCV  = {IJCV})
@String(CVPR  = {CVPR})
@String(ICCV  = {ICCV})
@String(ECCV  = {ECCV})
@String(NIPS  = {NeurIPS})
@String(ICPR  = {ICPR})
@String(BMVC  =	{BMVC})
@String(TOG   = {ACM TOG})
@String(TIP   = {IEEE TIP})
@String(TVCG  = {IEEE TVCG})
@String(TCSVT = {IEEE TCSVT})
@String(TMM   =	{IEEE TMM})
@String(ACMMM = {ACM MM})
@String(ICME  =	{ICME})
@String(ICASSP=	{ICASSP})
@String(ICIP  = {ICIP})
@String(ACCV  = {ACCV})
@String(ICLR  = {ICLR})
@String(IJCAI = {IJCAI})
@String(PR = {PR})
@String(AAAI = {AAAI})
@String(CVPRW= {CVPRW})
@String(CSVT = {IEEE TCSVT})



@inproceedings{zhang2021understanding,
  title={Understanding deep learning requires rethinking generalization},
  author={Zhang, Chiyuan and Bengio, Samy and Hardt, Moritz and Recht, Benjamin and Vinyals, Oriol},
  booktitle={International Conference on Learning Representations},
  year={2021}
}

@article{krizhevsky2009learning,
  title={Learning multiple layers of features from tiny images},
  author={Krizhevsky, Alex and Hinton, Geoffrey},
  journal={Technical report, University of Toronto},
  year={2009}
}

@inproceedings{natarajan2013learning,
  title={Learning with noisy labels},
  author={Natarajan, Nagarajan and Dhillon, Inderjit S and Ravikumar, Pradeep K and Tewari, Ambuj},
  booktitle={Advances in Neural Information Processing Systems},
  year={2013}
}

@inproceedings{patrini2017making,
  title={Making deep neural networks robust to label noise: A loss correction approach},
  author={Patrini, Giorgio and Rozza, Alessandro and Krishna Menon, Aditya and Nock, Richard and Qu, Lizhen},
  booktitle={Proceedings of the IEEE Conference on Computer Vision and Pattern Recognition},
  year={2017}
}

@inproceedings{han2018co,
  title={Co-teaching: Robust training of deep neural networks with extremely noisy labels},
  author={Han, Bo and Yao, Quanming and Yu, Xingrui and Niu, Gang and Xu, Miao and Hu, Weihua and Tsang, Ivor and Sugiyama, Masashi},
  booktitle={Advances in Neural Information Processing Systems},
  year={2018}
}

@inproceedings{li2020dividemix,
  title={DivideMix: Learning with Noisy Labels as Semi-supervised Learning},
  author={Li, Junnan and Socher, Richard and Hoi, Steven CH},
  booktitle={International Conference on Learning Representations},
  year={2020}
}

@inproceedings{cubuk2019autoaugment,
  title={AutoAugment: Learning augmentation strategies from data},
  author={Cubuk, Ekin D and Zoph, Barret and Mane, Dandelion and Vasudevan, Vijay and Le, Quoc V},
  booktitle={Proceedings of the IEEE Conference on Computer Vision and Pattern Recognition},
  year={2019}
}

@article{simard2003best,
  title={Best practices for convolutional neural networks applied to visual document analysis},
  author={Simard, Patrice Y and Steinkraus, David and Platt, John C},
  journal={International Conference on Document Analysis and Recognition},
  year={2003}
}

@inproceedings{goodfellow2014explaining,
  title={Explaining and harnessing adversarial examples},
  author={Goodfellow, Ian J and Shlens, Jonathon and Szegedy, Christian},
  booktitle={International Conference on Learning Representations},
  year={2014}
}

@inproceedings{hendrycks2019augmix,
  title={AugMix: A Simple Data Processing Method to Improve Robustness and Uncertainty},
  author={Hendrycks, Dan and Mu, Norman and Cubuk, Ekin D and Zoph, Barret and Gilmer, Justin and Lakshminarayanan, Balaji},
  booktitle={International Conference on Learning Representations},
  year={2019}
}

@inproceedings{arpit2017closer,
  title={A closer look at memorization in deep networks},
  author={Arpit, Devansh and Jastrzebski, Stanislaw and Ballas, Nicolas and Krueger, David and Bengio, Emmanuel and Kanwal, Maxinder S and Maharaj, Tegan and Fischer, Asja and Courville, Aaron and Bengio, Yoshua and others},
  booktitle={International Conference on Machine Learning},
  year={2017}
}

@inproceedings{toneva2018empirical,
  title={An empirical study of example forgetting during deep neural network learning},
  author={Toneva, Mariya and Sordoni, Alessandro and Combes, Remi Tachet des and Trischler, Adam and Bengio, Yoshua and Gordon, Geoffrey J},
  booktitle={International Conference on Learning Representations},
  year={2018}
}

@inproceedings{nakkiran2019deep,
  title={Deep double descent: Where bigger models and more data hurt},
  author={Nakkiran, Preetum and Kaplun, Gal and Bansal, Yamini and Yang, Tristan and Barak, Boaz and Sutskever, Ilya},
  booktitle={International Conference on Learning Representations},
  year={2019}
}